<?xml version="1.0" encoding="UTF-8"?><collection xmlns="http://www.loc.gov/MARC21/slim"><record><leader>00407nam--2200133-i-4500</leader><controlfield tag="001">000019716</controlfield><controlfield tag="002">20161230</controlfield><controlfield tag="005">20161230201033</controlfield><controlfield tag="008">060222s1000------------r-----000-0-eng-d</controlfield><datafield ind1=" " ind2=" " tag="080"><subfield code="a">658.3-057.3</subfield></datafield><datafield ind1=" " ind2=" " tag="100"><subfield code="a">Ene, Nicolae</subfield></datafield><datafield ind1=" " ind2=" " tag="245"><subfield code="a">Folosirea rationala a timpului de munca de catre personalul tehnic-administrativ</subfield></datafield><datafield ind1=" " ind2=" " tag="260"><subfield code="a">Bucuresti, Institutul Central De Documentare Tehnica, 1972. 102 P</subfield></datafield><datafield ind1=" " ind2=" " tag="852"><subfield code="a">45546</subfield></datafield></record></collection>